%YAML 1.1
%TAG !u! tag:unity3d.com,2011:
--- !u!1 &1761321740036608823
GameObject:
  m_ObjectHideFlags: 0
  m_CorrespondingSourceObject: {fileID: 0}
  m_PrefabInstance: {fileID: 0}
  m_PrefabAsset: {fileID: 0}
  serializedVersion: 6
  m_Component:
  - component: {fileID: 1761321740036608822}
  m_Layer: 0
  m_Name: TBlock
  m_TagString: Untagged
  m_Icon: {fileID: 0}
  m_NavMeshLayer: 0
  m_StaticEditorFlags: 0
  m_IsActive: 1
--- !u!4 &1761321740036608822
Transform:
  m_ObjectHideFlags: 0
  m_CorrespondingSourceObject: {fileID: 0}
  m_PrefabInstance: {fileID: 0}
  m_PrefabAsset: {fileID: 0}
  m_GameObject: {fileID: 1761321740036608823}
  m_LocalRotation: {x: 0, y: 0, z: 0, w: 1}
  m_LocalPosition: {x: 0, y: 0, z: 0}
  m_LocalScale: {x: 1, y: 1, z: 1}
  m_Children:
  - {fileID: 5127090091411476072}
  - {fileID: 8595108151398510072}
  - {fileID: 8595108151023596849}
  - {fileID: 8595108152410513561}
  m_Father: {fileID: 0}
  m_RootOrder: 0
  m_LocalEulerAnglesHint: {x: 0, y: 0, z: 0}
--- !u!1001 &1761321739127974700
PrefabInstance:
  m_ObjectHideFlags: 0
  serializedVersion: 2
  m_Modification:
    m_TransformParent: {fileID: 1761321740036608822}
    m_Modifications:
    - target: {fileID: 1496899705838671266, guid: 33d96b63af289af418ce8b430bf8e4b4,
        type: 3}
      propertyPath: m_Name
      value: Block (3)
      objectReference: {fileID: 0}
    - target: {fileID: 8013748276658129845, guid: 33d96b63af289af418ce8b430bf8e4b4,
        type: 3}
      propertyPath: m_LocalPosition.x
      value: 1
      objectReference: {fileID: 0}
    - target: {fileID: 8013748276658129845, guid: 33d96b63af289af418ce8b430bf8e4b4,
        type: 3}
      propertyPath: m_LocalPosition.y
      value: 0
      objectReference: {fileID: 0}
    - target: {fileID: 8013748276658129845, guid: 33d96b63af289af418ce8b430bf8e4b4,
        type: 3}
      propertyPath: m_LocalPosition.z
      value: 0
      objectReference: {fileID: 0}
    - target: {fileID: 8013748276658129845, guid: 33d96b63af289af418ce8b430bf8e4b4,
        type: 3}
      propertyPath: m_LocalRotation.x
      value: -0
      objectReference: {fileID: 0}
    - target: {fileID: 8013748276658129845, guid: 33d96b63af289af418ce8b430bf8e4b4,
        type: 3}
      propertyPath: m_LocalRotation.y
      value: -0
      objectReference: {fileID: 0}
    - target: {fileID: 8013748276658129845, guid: 33d96b63af289af418ce8b430bf8e4b4,
        type: 3}
      propertyPath: m_LocalRotation.z
      value: -0
      objectReference: {fileID: 0}
    - target: {fileID: 8013748276658129845, guid: 33d96b63af289af418ce8b430bf8e4b4,
        type: 3}
      propertyPath: m_LocalRotation.w
      value: 1
      objectReference: {fileID: 0}
    - target: {fileID: 8013748276658129845, guid: 33d96b63af289af418ce8b430bf8e4b4,
        type: 3}
      propertyPath: m_RootOrder
      value: 3
      objectReference: {fileID: 0}
    - target: {fileID: 8013748276658129845, guid: 33d96b63af289af418ce8b430bf8e4b4,
        type: 3}
      propertyPath: m_LocalEulerAnglesHint.x
      value: 0
      objectReference: {fileID: 0}
    - target: {fileID: 8013748276658129845, guid: 33d96b63af289af418ce8b430bf8e4b4,
        type: 3}
      propertyPath: m_LocalEulerAnglesHint.y
      value: 0
      objectReference: {fileID: 0}
    - target: {fileID: 8013748276658129845, guid: 33d96b63af289af418ce8b430bf8e4b4,
        type: 3}
      propertyPath: m_LocalEulerAnglesHint.z
      value: 0
      objectReference: {fileID: 0}
    m_RemovedComponents: []
  m_SourcePrefab: {fileID: 100100000, guid: 33d96b63af289af418ce8b430bf8e4b4, type: 3}
--- !u!4 &8595108152410513561 stripped
Transform:
  m_CorrespondingSourceObject: {fileID: 8013748276658129845, guid: 33d96b63af289af418ce8b430bf8e4b4,
    type: 3}
  m_PrefabInstance: {fileID: 1761321739127974700}
  m_PrefabAsset: {fileID: 0}
--- !u!1001 &1761321739436441220
PrefabInstance:
  m_ObjectHideFlags: 0
  serializedVersion: 2
  m_Modification:
    m_TransformParent: {fileID: 1761321740036608822}
    m_Modifications:
    - target: {fileID: 1496899705838671266, guid: 33d96b63af289af418ce8b430bf8e4b4,
        type: 3}
      propertyPath: m_Name
      value: Block (2)
      objectReference: {fileID: 0}
    - target: {fileID: 8013748276658129845, guid: 33d96b63af289af418ce8b430bf8e4b4,
        type: 3}
      propertyPath: m_LocalPosition.x
      value: -1
      objectReference: {fileID: 0}
    - target: {fileID: 8013748276658129845, guid: 33d96b63af289af418ce8b430bf8e4b4,
        type: 3}
      propertyPath: m_LocalPosition.y
      value: 0
      objectReference: {fileID: 0}
    - target: {fileID: 8013748276658129845, guid: 33d96b63af289af418ce8b430bf8e4b4,
        type: 3}
      propertyPath: m_LocalPosition.z
      value: 0
      objectReference: {fileID: 0}
    - target: {fileID: 8013748276658129845, guid: 33d96b63af289af418ce8b430bf8e4b4,
        type: 3}
      propertyPath: m_LocalRotation.x
      value: -0
      objectReference: {fileID: 0}
    - target: {fileID: 8013748276658129845, guid: 33d96b63af289af418ce8b430bf8e4b4,
        type: 3}
      propertyPath: m_LocalRotation.y
      value: -0
      objectReference: {fileID: 0}
    - target: {fileID: 8013748276658129845, guid: 33d96b63af289af418ce8b430bf8e4b4,
        type: 3}
      propertyPath: m_LocalRotation.z
      value: -0
      objectReference: {fileID: 0}
    - target: {fileID: 8013748276658129845, guid: 33d96b63af289af418ce8b430bf8e4b4,
        type: 3}
      propertyPath: m_LocalRotation.w
      value: 1
      objectReference: {fileID: 0}
    - target: {fileID: 8013748276658129845, guid: 33d96b63af289af418ce8b430bf8e4b4,
        type: 3}
      propertyPath: m_RootOrder
      value: 2
      objectReference: {fileID: 0}
    - target: {fileID: 8013748276658129845, guid: 33d96b63af289af418ce8b430bf8e4b4,
        type: 3}
      propertyPath: m_LocalEulerAnglesHint.x
      value: 0
      objectReference: {fileID: 0}
    - target: {fileID: 8013748276658129845, guid: 33d96b63af289af418ce8b430bf8e4b4,
        type: 3}
      propertyPath: m_LocalEulerAnglesHint.y
      value: 0
      objectReference: {fileID: 0}
    - target: {fileID: 8013748276658129845, guid: 33d96b63af289af418ce8b430bf8e4b4,
        type: 3}
      propertyPath: m_LocalEulerAnglesHint.z
      value: 0
      objectReference: {fileID: 0}
    m_RemovedComponents: []
  m_SourcePrefab: {fileID: 100100000, guid: 33d96b63af289af418ce8b430bf8e4b4, type: 3}
--- !u!4 &8595108151023596849 stripped
Transform:
  m_CorrespondingSourceObject: {fileID: 8013748276658129845, guid: 33d96b63af289af418ce8b430bf8e4b4,
    type: 3}
  m_PrefabInstance: {fileID: 1761321739436441220}
  m_PrefabAsset: {fileID: 0}
--- !u!1001 &1761321740400027213
PrefabInstance:
  m_ObjectHideFlags: 0
  serializedVersion: 2
  m_Modification:
    m_TransformParent: {fileID: 1761321740036608822}
    m_Modifications:
    - target: {fileID: 1496899705838671266, guid: 33d96b63af289af418ce8b430bf8e4b4,
        type: 3}
      propertyPath: m_Name
      value: Block (1)
      objectReference: {fileID: 0}
    - target: {fileID: 8013748276658129845, guid: 33d96b63af289af418ce8b430bf8e4b4,
        type: 3}
      propertyPath: m_LocalPosition.x
      value: 0
      objectReference: {fileID: 0}
    - target: {fileID: 8013748276658129845, guid: 33d96b63af289af418ce8b430bf8e4b4,
        type: 3}
      propertyPath: m_LocalPosition.y
      value: 1
      objectReference: {fileID: 0}
    - target: {fileID: 8013748276658129845, guid: 33d96b63af289af418ce8b430bf8e4b4,
        type: 3}
      propertyPath: m_LocalPosition.z
      value: 0
      objectReference: {fileID: 0}
    - target: {fileID: 8013748276658129845, guid: 33d96b63af289af418ce8b430bf8e4b4,
        type: 3}
      propertyPath: m_LocalRotation.x
      value: -0
      objectReference: {fileID: 0}
    - target: {fileID: 8013748276658129845, guid: 33d96b63af289af418ce8b430bf8e4b4,
        type: 3}
      propertyPath: m_LocalRotation.y
      value: -0
      objectReference: {fileID: 0}
    - target: {fileID: 8013748276658129845, guid: 33d96b63af289af418ce8b430bf8e4b4,
        type: 3}
      propertyPath: m_LocalRotation.z
      value: -0
      objectReference: {fileID: 0}
    - target: {fileID: 8013748276658129845, guid: 33d96b63af289af418ce8b430bf8e4b4,
        type: 3}
      propertyPath: m_LocalRotation.w
      value: 1
      objectReference: {fileID: 0}
    - target: {fileID: 8013748276658129845, guid: 33d96b63af289af418ce8b430bf8e4b4,
        type: 3}
      propertyPath: m_RootOrder
      value: 1
      objectReference: {fileID: 0}
    - target: {fileID: 8013748276658129845, guid: 33d96b63af289af418ce8b430bf8e4b4,
        type: 3}
      propertyPath: m_LocalEulerAnglesHint.x
      value: 0
      objectReference: {fileID: 0}
    - target: {fileID: 8013748276658129845, guid: 33d96b63af289af418ce8b430bf8e4b4,
        type: 3}
      propertyPath: m_LocalEulerAnglesHint.y
      value: 0
      objectReference: {fileID: 0}
    - target: {fileID: 8013748276658129845, guid: 33d96b63af289af418ce8b430bf8e4b4,
        type: 3}
      propertyPath: m_LocalEulerAnglesHint.z
      value: 0
      objectReference: {fileID: 0}
    m_RemovedComponents: []
  m_SourcePrefab: {fileID: 100100000, guid: 33d96b63af289af418ce8b430bf8e4b4, type: 3}
--- !u!4 &8595108151398510072 stripped
Transform:
  m_CorrespondingSourceObject: {fileID: 8013748276658129845, guid: 33d96b63af289af418ce8b430bf8e4b4,
    type: 3}
  m_PrefabInstance: {fileID: 1761321740400027213}
  m_PrefabAsset: {fileID: 0}
--- !u!1001 &2887256921203197405
PrefabInstance:
  m_ObjectHideFlags: 0
  serializedVersion: 2
  m_Modification:
    m_TransformParent: {fileID: 1761321740036608822}
    m_Modifications:
    - target: {fileID: 1496899705838671266, guid: 33d96b63af289af418ce8b430bf8e4b4,
        type: 3}
      propertyPath: m_Name
      value: Block
      objectReference: {fileID: 0}
    - target: {fileID: 8013748276658129845, guid: 33d96b63af289af418ce8b430bf8e4b4,
        type: 3}
      propertyPath: m_LocalPosition.x
      value: 0
      objectReference: {fileID: 0}
    - target: {fileID: 8013748276658129845, guid: 33d96b63af289af418ce8b430bf8e4b4,
        type: 3}
      propertyPath: m_LocalPosition.y
      value: 0
      objectReference: {fileID: 0}
    - target: {fileID: 8013748276658129845, guid: 33d96b63af289af418ce8b430bf8e4b4,
        type: 3}
      propertyPath: m_LocalPosition.z
      value: 0
      objectReference: {fileID: 0}
    - target: {fileID: 8013748276658129845, guid: 33d96b63af289af418ce8b430bf8e4b4,
        type: 3}
      propertyPath: m_LocalRotation.x
      value: -0
      objectReference: {fileID: 0}
    - target: {fileID: 8013748276658129845, guid: 33d96b63af289af418ce8b430bf8e4b4,
        type: 3}
      propertyPath: m_LocalRotation.y
      value: -0
      objectReference: {fileID: 0}
    - target: {fileID: 8013748276658129845, guid: 33d96b63af289af418ce8b430bf8e4b4,
        type: 3}
      propertyPath: m_LocalRotation.z
      value: -0
      objectReference: {fileID: 0}
    - target: {fileID: 8013748276658129845, guid: 33d96b63af289af418ce8b430bf8e4b4,
        type: 3}
      propertyPath: m_LocalRotation.w
      value: 1
      objectReference: {fileID: 0}
    - target: {fileID: 8013748276658129845, guid: 33d96b63af289af418ce8b430bf8e4b4,
        type: 3}
      propertyPath: m_RootOrder
      value: 0
      objectReference: {fileID: 0}
    - target: {fileID: 8013748276658129845, guid: 33d96b63af289af418ce8b430bf8e4b4,
        type: 3}
      propertyPath: m_LocalEulerAnglesHint.x
      value: 0
      objectReference: {fileID: 0}
    - target: {fileID: 8013748276658129845, guid: 33d96b63af289af418ce8b430bf8e4b4,
        type: 3}
      propertyPath: m_LocalEulerAnglesHint.y
      value: 0
      objectReference: {fileID: 0}
    - target: {fileID: 8013748276658129845, guid: 33d96b63af289af418ce8b430bf8e4b4,
        type: 3}
      propertyPath: m_LocalEulerAnglesHint.z
      value: 0
      objectReference: {fileID: 0}
    m_RemovedComponents: []
  m_SourcePrefab: {fileID: 100100000, guid: 33d96b63af289af418ce8b430bf8e4b4, type: 3}
--- !u!4 &5127090091411476072 stripped
Transform:
  m_CorrespondingSourceObject: {fileID: 8013748276658129845, guid: 33d96b63af289af418ce8b430bf8e4b4,
    type: 3}
  m_PrefabInstance: {fileID: 2887256921203197405}
  m_PrefabAsset: {fileID: 0}
